@book{schutz2022first,
	title={A first course in general relativity},
	author={Schutz, Bernard},
	year={2022},
	publisher={Cambridge university press}
}

@book{gourgoulhon20123+,
	title={3+ 1 formalism in general relativity: bases of numerical relativity},
	author={Gourgoulhon, Eric},
	volume={846},
	year={2012},
	publisher={Springer Science \& Business Media}
}

@book{zee2013einstein,
	title={Einstein gravity in a nutshell},
	author={Zee, Anthony},
	volume={14},
	year={2013},
	publisher={Princeton University Press}
}

@book{baumgarte2010numerical,
	title={Numerical relativity: solving Einstein's equations on the computer},
	author={Baumgarte, Thomas W and Shapiro, Stuart L},
	year={2010},
	publisher={Cambridge University Press}
}

@book{alcubierre2008introduction,
	title={Introduction to 3+ 1 numerical relativity},
	author={Alcubierre, Miguel},
	volume={140},
	year={2008},
	publisher={OUP Oxford}
}

@book{misner1973gravitation,
	title={Gravitation},
	author={Misner, Charles W and Thorne, Kip S and Wheeler, John Archibald},
	year={1973},
	publisher={Macmillan}
}

@article{vindana2018simulation,
	title={Simulation of rotating black holes},
	author={Vindana, WMHP and Wijewardena Gamalath, KAIL},
	journal={World Scientific News},
	volume={114},
	pages={106--125},
	year={2018},
	publisher={Scientific Publishing House „DARWIN”}
}

@book{wald2010general,
	title={General relativity},
	author={Wald, Robert M},
	year={2010},
	publisher={University of Chicago press}
}

@article{brugmann1996adaptive,
	title={Adaptive mesh and geodesically sliced Schwarzschild spacetime in 3+ 1 dimensions},
	author={Br{\"u}gmann, Bernd},
	journal={Physical Review D},
	volume={54},
	number={12},
	pages={7361},
	year={1996},
	publisher={APS}
}